{
  "marc21_record": {
    "leader": "         a22        4500",
    "fields": [
      {
        "tag": "001",
        "data": "YD2600004"
      },
      {
        "tag": "005",
        "data": "20260617054509.0"
      },
      {
        "tag": "008",
        "data": "260617s2024    vm      m                "
      },
      {
        "tag": "040",
        "ind1": " ",
        "ind2": " ",
        "subfields": [
          {
            "code": "a",
            "value": "DHYD"
          },
          {
            "code": "b",
            "value": "vie"
          },
          {
            "code": "c",
            "value": "DHYD"
          },
          {
            "code": "e",
            "value": "AACR2"
          }
        ]
      },
      {
        "tag": "041",
        "ind1": "0",
        "ind2": " ",
        "subfields": [
          {
            "code": "a",
            "value": "vie"
          }
        ]
      },
      {
        "tag": "050",
        "ind1": " ",
        "ind2": "0",
        "subfields": [
          {
            "code": "a",
            "value": "IU"
          }
        ]
      },
      {
        "tag": "060",
        "ind1": " ",
        "ind2": " ",
        "subfields": [
          {
            "code": "a",
            "value": "WM 145.5"
          }
        ]
      },
      {
        "tag": "100",
        "ind1": "1",
        "ind2": " ",
        "subfields": [
          {
            "code": "a",
            "value": "An, Lê Thị Kim."
          }
        ]
      },
      {
        "tag": "245",
        "ind1": "1",
        "ind2": "0",
        "subfields": [
          {
            "code": "a",
            "value": "VAI TRÒ CỦA SIÊU ÂM PHỔI TRONG CHẨN ĐOÁN BỆNH PHỔI MÔ KẼ Ở BỆNH NHÂN XƠ CỨNG BÌ HỆ THỐNG /"
          },
          {
            "code": "c",
            "value": "LÊ THỊ KIM AN."
          }
        ]
      },
      {
        "tag": "260",
        "ind1": " ",
        "ind2": " ",
        "subfields": [
          {
            "code": "a",
            "value": "THÀNH PHỐ HỒ CHÍ MINH"
          },
          {
            "code": "c",
            "value": "2024"
          }
        ]
      },
      {
        "tag": "502",
        "ind1": " ",
        "ind2": " ",
        "subfields": [
          {
            "code": "a",
            "value": "MÃ SỐ: CK 62 72 20 05."
          }
        ]
      },
      {
        "tag": "710",
        "ind1": "2",
        "ind2": " ",
        "subfields": [
          {
            "code": "a",
            "value": "BỘ GIÁO DỤC ĐÀO TẠO | BỘ Y TẾ | ĐẠI HỌC Y DƯỢC THÀNH PHỐ HỒ CHÍ MINH."
          }
        ]
      },
      {
        "tag": "915",
        "ind1": " ",
        "ind2": " ",
        "subfields": [
          {
            "code": "a",
            "value": "Nội – Hô Hấp"
          },
          {
            "code": "c",
            "value": "Cấp Ii"
          },
          {
            "code": "f",
            "value": "PGS. TS. BS Lê Thượng Vũ"
          }
        ]
      },
      {
        "tag": "927",
        "ind1": " ",
        "ind2": " ",
        "subfields": [
          "LA"
        ]
      }
    ]
  },
  "ai_evaluation_metrics": {}
}